@INPROCEEDINGS{chakravarty2013, 
author={Chakravarty, S. and Zhuoran Zhao and Gerstlauer, A.}, 
booktitle={Hardware/Software Codesign and System Synthesis (CODES+ISSS), 2013 International Conference on}, 
title={Automated, retargetable back-annotation for host compiled performance and power modeling}, 
year={2013}, 
month={Sept}, 
pages={1-10}, 
doi={10.1109/CODES-ISSS.2013.6659023},
}

@INPROCEEDINGS{Lu2013, 
author={Kun Lu and Muller-Gritschneder, D. and Schlichtmann, U.}, 
booktitle={Design Automation Conference (ASP-DAC), 2013 18th Asia and South Pacific}, 
title={Memory access reconstruction based on memory allocation mechanism for source-level simulation of embedded software}, 
year={2013}, 
month={Jan}, 
pages={729-734}, 
doi={10.1109/ASPDAC.2013.6509687}, 
ISSN={2153-6961},}