@INPROCEEDINGS{RBA2013, 
author={Chakravarty, S. and Zhuoran Zhao and Gerstlauer, A.}, 
booktitle={Hardware/Software Codesign and System Synthesis (CODES+ISSS), 2013 International Conference on}, 
title={Automated, retargetable back-annotation for host compiled performance and power modeling}, 
year={2013}, 
month={Sept}, 
pages={1-10}, 
doi={10.1109/CODES-ISSS.2013.6659023},
}

@INPROCEEDINGS{Lu2013, 
author={Kun Lu and Muller-Gritschneder, D. and Schlichtmann, U.}, 
booktitle={Design Automation Conference (ASP-DAC), 2013 18th Asia and South Pacific}, 
title={Memory access reconstruction based on memory allocation mechanism for source-level simulation of embedded software}, 
year={2013}, 
month={Jan}, 
pages={729-734}, 
doi={10.1109/ASPDAC.2013.6509687}, 
ISSN={2153-6961},}

@article{Chen2014,
 author = {Chen, Gang and Huang, Kai and Knoll, Alois},
 title = {Energy Optimization for Real-time Multiprocessor System-on-chip with Optimal DVFS and DPM Combination},
 journal = {ACM Trans. Embed. Comput. Syst.},
 issue_date = {March 2014},
 volume = {13},
 number = {3s},
 month = mar,
 year = {2014},
 issn = {1539-9087},
 pages = {111:1--111:21},
 articleno = {111},
 numpages = {21},
 url = {http://doi.acm.org/10.1145/2567935},
 doi = {10.1145/2567935},
 acmid = {2567935},
 publisher = {ACM},
 address = {New York, NY, USA},
 keywords = {DPM, DVFS, Scheduling, energy optimization, real-time MPSoCs},
} 

@book{CortexA5TRM,
    title = {Cortex-A5 Technical Reference Manual},
    url = {http://infocenter.arm.com/help/topic/com.arm.doc.ddi0433b/DDI0433B_cortex_a5_r0p1_trm.pdf}
}

@misc{WCET,
    title = {Worst-case Execution Time (WCET) analysis project},
    url = {http://www.mrtc.mdh.se/projects/wcet/home.html}
}